@inproceedings{nash2007theta,
  title={Theta\^{}*: Any-angle path planning on grids},
  author={Nash, Alex and Daniel, Kenny and Koenig, Sven and Felner, Ariel},
  booktitle={AAAI},
  volume={7},
  pages={1177--1183},
  year={2007}
}
