@inproceedings{rodgers2014investigation,
  title={An investigation into 2048 AI strategies},
  author={Rodgers, Philip and Levine, John},
  booktitle={2014 IEEE Conference on Computational Intelligence and Games},
  pages={1--2},
  year={2014},
  organization={IEEE}
}

@article{ashraf2019ai,
  title={AI Conceptual Gaming for Game Developers},
  author={Ashraf Fathi, Antoin and Youssef, Baher and Azmy, Boula and Takla, John and Fawzy, Karim and El-Behaidy, Wessam},
  journal={النشرة المعلوماتیة فی الحاسبات والمعلومات},
  volume={1},
  number={3},
  pages={26--32},
  year={2019},
  publisher={جامعة حلوان، کلیة الحاسبات والذکاء الاصطناعی}
}
